@article{madhulatha2012overview,
  title={An overview on clustering methods},
  author={Madhulatha, T Soni},
  journal={arXiv preprint arXiv:1205.1117},
  year={2012}
}

@book{muller2016introduction,
  title={Introduction to machine learning with Python: a guide for data scientists},
  author={M{\"u}ller, Andreas C and Guido, Sarah},
  year={2016},
  publisher={" O'Reilly Media, Inc."}
}