@article{madhulatha2012overview,
  title={An overview on clustering methods},
  author={Madhulatha, T Soni},
  journal={arXiv preprint arXiv:1205.1117},
  year={2012}
}

@book{muller2016introduction,
  title={Introduction to machine learning with Python: a guide for data scientists},
  author={M{\"u}ller, Andreas C and Guido, Sarah},
  year={2016},
  publisher={" O'Reilly Media, Inc."}
}

@article{bora2014effect,
  title={Effect of different distance measures on the performance of K-means algorithm: an experimental study in Matlab},
  author={Bora, Mr and Jyoti, Dibya and Gupta, Dr and Kumar, Anil},
  journal={arXiv preprint arXiv:1405.7471},
  year={2014}
}

@article{mcinnes2016benchmarking,
  title={Benchmarking Performance and Scaling of Python Clustering Algorithms},
  author={McInnes, L and Healy, J and Astels, S},
  journal={hdbscan. readthedocs. io},
  year={2016}
}

@inproceedings{erman2006traffic,
  title={Traffic classification using clustering algorithms},
  author={Erman, Jeffrey and Arlitt, Martin and Mahanti, Anirban},
  booktitle={Proceedings of the 2006 SIGCOMM workshop on Mining network data},
  pages={281--286},
  year={2006}
}

@article{balabantaray2015document,
  title={Document clustering using k-means and k-medoids},
  author={Balabantaray, Rakesh Chandra and Sarma, Chandrali and Jha, Monica},
  journal={arXiv preprint arXiv:1502.07938},
  year={2015}
}

@article{shakeel2018cloud,
  title={Cloud based framework for diagnosis of diabetes mellitus using K-means clustering},
  author={Shakeel, P Mohamed and Baskar, S and Dhulipala, VR Sarma and Jaber, Mustafa Musa},
  journal={Health information science and systems},
  volume={6},
  number={1},
  pages={1--7},
  year={2018},
  publisher={Springer}
}